@misc{ TKerst12,
	author = "Tobias Kerst",
	title = "Example Article on a topic I don't know shit about",
	year = "2012" }
@misc{ referenceURL,
  author = {Tobias Kerst},
  title = {{This article is used to explain how to reference URLs}},
  howpublished = "\url{http://www.tobscore.com/blog/referencing-urls-in-latex}",
  year = {2016},
  note = "[Online; accessed 14-July-2016]"
}
