@book {ProJavaFX8,
	title = {Pro JavaFX 8 : A Definitive Guide to Building Desktop, Mobile, and Embedded Java Clients},
	series = {SpringerLink : Bücher},
	author = {Vos, Johan and Gao, Weiqi and Chin, Stephen and Iverson, Dean and Weaver, James},
	address = {Berkeley, CA},
	publisher = {Apress},
	year = {2014},
	isbn = {978-143-026-575-7}
	}
@online{JavaBeginner-Binding,
  author = {Jörg Czeschla},
  title = {{Properties und Binding in JavaFX}},
  howpublished = "\url{http://javabeginners.de/Frameworks/JavaFX/Properties_und_Binding.php}",
  note = "[Online; Zugriff am 5. September 2016]"
}
@online{ScalaFXML,
	author = {vigoo},
	title = {{Projektseite von ScalaFX}},
	howpublished = "\url{https://github.com/vigoo/scalafxml}",
	note = "[Online; Zugriff am 15. September 2016; Version 0.2.2]"
	}
@online{GettingStartedWithTheScalaREPL,
	author = {Alvin Alexander},
	title = {{Getting started with the Scala REPL (command-line shell)}},
	howpublished = "\url{http://alvinalexander.com/scala/getting-started-scala-repl-command-line-shell-options}",
	note = "[Online; Zugriff am 18. September 2016; Letztes Update vom 3. Juni 2016]"
	}
@book{ScalaInDepth,
	title = {Scala in depth},
	author = {Suereth, Joshua D.},
	address = {Shelter Island},
	publisher = {Manning},
	year = {2012},
	isbn = {978-1-935182-70-2; 1-935182-70-6},
	size = {XIX, 284 S. : Ill., graph .Darst.}
}
@book{TypesAndProgrammingLanguages,
	title = {Types and programming languages},
	author = {Pierce, Benjamin C.},
	address = {Cambridge, Mass. [u.a.]},
	publisher = {MIT Press},
	year = {2002},
	isbn = {0-262-16209-1; 978-0-262-16209-8}
}
@book{ScalaCookbook,
	title = {Scala cookbook : [recipes for object-oriented and functional programming]},
	author = {Alexander, Alvin},
	address = {Beijing},
	publisher = {OReilly},
	year = {2013},
	edition = {1. ed.},
	isbn = {978-1-449-33961-6},
	size = {XXIV, 694 S.}
}
@online{OracleInstallJDK,
	title = {{JDK Und JVM installieren}},
	author = {Oracle},
	howpublished = "\url{https://docs.oracle.com/javase/8/docs/technotes/guides/install/install_overview.html}",
	note = "[Online; Zugriff am 24. September 2016]"
}
@online{InstallSBT,
	title = {{Projektseite SBT}},
	howpublished = "\url{http://www.scala-sbt.org/index.html}",
	note = "[Online; Zugriff am 24. September 2016]"
}
@online{ScalaLang,
	title = {{Scala Webseite}},
	howpublished = "\url{http://scala-lang.org/}",
	note = "[Online; Zugriff am 24. September 2016]"
}
@online{GitManual,
	title = {{Install Git Manual}},
	howpublished = "\url{https://git-scm.com/book/en/v2/Getting-Started-Installing-Git}",
	note = "[Online; Zugriff am 24. September 2016]"
}
@online{BestJVMLanguageInterview,
	title = {{Interview mit James Goslin}},
	howpublished = "\url{http://www.adam-bien.com/roller/abien/entry/java_net_javaone_which_programming}",
	note = "[Online; Zugriff am 24. September 2016]"
}
@online{GoogleGSONProjektseite,
	title = {{Projektseite von Google GSON}},
	howpublished = "\url{https://github.com/google/gson}",
	note = "[Online; Zugriff am 24. September 2016]"
}
@online{StackoverflowDiscuttionWhyScalaFX,
	title = {{Stackoverflow Diskussion: Warum ScalaFX nutzen}},
	howpublished = "\url{http://stackoverflow.com/a/22744881}",
	note = "[Online; Zugriff am 24. September 2016]"
}
@online{ProjektseiteSceneBuilder,
	title = {{Projektseite Scene Builder}},
	howpublished = "\url{http://gluonhq.com/labs/scene-builder/}",
	note = "[Online; Zugriff am 24. September 2016]"
}
@online{SceneBuilderOracle,
	title = {{Archivierte Seite vom Scene Builder bei Oracle}},
	howpublished = "\url{http://www.oracle.com/technetwork/java/javase/downloads/javafxscenebuilder-info-2157684.html}",
	note = "[Online; Zugriff am 24. September 2016 --- Archiviert]"
}
@online{BugSceneBuilderMenuBar,
	title = {{Bug im Scene Builder beim Benutzen von \texttt{useSystemMenuBar}}},
	howpublished = "\url{https://bugs.openjdk.java.net/browse/JDK-8089659}",
	note = "[Online; Zugriff am 24. September 2016]"
}
@online{GettingStartedWithScala,
	title = {{Getting Started with Scala}},
	howpublished = "\url{http://www.scala-lang.org/documentation/getting-started.html}",
	note = "[Online; Zugriff am 24. September 2016]"
}
@online{StackoverflowDiscussionPostfixOperator,
	title = {{Stackoverflow Diskussion: Scala's ``postfix ops''}},
	howpublished = "\url{http://stackoverflow.com/questions/13011204/scalas-postfix-ops}",
	note = "[Online; Zugriff am 24. September 2016]"
}
@online{GetterSetterInScala,
	title = {{Getter \& Setter in Scala}},
	howpublished = "\url{http://dustinmartin.net/getters-and-setters-in-scala/}",
	note = "[Online; Zugriff am 24. September 2016]"
}
@online{WhatsWrongWithJava8,
	title = {{What's Wrong with Java 8}},
	howpublished = "\url{https://dzone.com/articles/whats-wrong-java-8-part-v}",
	note = "[Online; Zugriff am 24. September 2016]"
}
@online{JavaTuples,
	title = {{Projektseite von Java Tuples}},
	howpublished = "\url{http://www.javatuples.org}",
	note = "[Online; Zugriff am 24. September 2016]"
}
@online{StackoverflowDiscussion22ElementsInTuples,
	title = {{Stackoverflow Diskussion: Why are scala functions limited to 22 parameters?}},
	howpublished = "\url{http://stackoverflow.com/questions/4152223/why-are-scala-functions-limited-to-22-parameters}",
	note = "[Online; Zugriff am 24. September 2016]"
}
@online{PatternMatchingExample,
	title = {{Pattern Matching Example}},
	howpublished = "\url{https://kerflyn.wordpress.com/2011/02/14/playing-with-scalas-pattern-matching/}",
	note = "[Online; Zugriff am 24. September 2016]"
}
